<record><leader>00000cas a22000007a 4500</leader><controlfield tag="001">9477449</controlfield><controlfield tag="008">830504d18631870aruwr ne      0    0eng d</controlfield><datafield ind1=" " ind2=" " tag="010"><subfield code="a">sn 83025453 </subfield></datafield><datafield ind1=" " ind2=" " tag="040"><subfield code="a">NPV</subfield><subfield code="b">eng</subfield><subfield code="c">NPV</subfield><subfield code="d">NPX</subfield><subfield code="d">NPT</subfield><subfield code="d">PPM</subfield><subfield code="d">DLC</subfield><subfield code="d">ANU</subfield><subfield code="d">OBN</subfield><subfield code="d">OCL</subfield><subfield code="d">OCLCF</subfield><subfield code="d">OCLCO</subfield><subfield code="d">CUS</subfield></datafield><datafield ind1=" " ind2=" " tag="042"><subfield code="a">msc</subfield></datafield><datafield ind1=" " ind2=" " tag="043"><subfield code="a">n-us-ar</subfield></datafield><datafield ind1="1" ind2="4" tag="050"><subfield code="a">AN</subfield></datafield><datafield ind1="0" ind2=" " tag="130"><subfield code="a">Fort Smith new era (Fort Smith, Ark. : 1863)</subfield></datafield><datafield ind1="0" ind2="0" tag="245"><subfield code="a">Fort Smith new era.</subfield></datafield><datafield ind1="3" ind2=" " tag="246"><subfield code="a">Fort Smith weekly new era</subfield></datafield><datafield ind1="3" ind2=" " tag="246"><subfield code="a">Weekly new era</subfield></datafield><datafield ind1=" " ind2=" " tag="260"><subfield code="a">Fort Smith, Ark. :</subfield><subfield code="b">[s.n.],</subfield></datafield><datafield ind1=" " ind2=" " tag="300"><subfield code="a">volumes</subfield></datafield><datafield ind1=" " ind2=" " tag="310"><subfield code="a">Weekly</subfield></datafield><datafield ind1=" " ind2=" " tag="336"><subfield code="a">text</subfield><subfield code="b">txt</subfield><subfield code="2">rdacontent</subfield></datafield><datafield ind1=" " ind2=" " tag="337"><subfield code="a">unmediated</subfield><subfield code="b">n</subfield><subfield code="2">rdamedia</subfield></datafield><datafield ind1=" " ind2=" " tag="338"><subfield code="a">volume</subfield><subfield code="b">nc</subfield><subfield code="2">rdacarrier</subfield></datafield><datafield ind1="0" ind2=" " tag="362"><subfield code="a">Vol. 1, no. 1 (Oct. 8, 1863)-v. 7, no. 35 (July 14, 1870).</subfield></datafield><datafield ind1=" " ind2=" " tag="500"><subfield code="a">Published as: Fort Smith weekly new era, Sept. 16-&lt;30&gt;, 1865, and Sept. 5, 1866.</subfield></datafield><datafield ind1=" " ind2=" " tag="500"><subfield code="a">Published by Valentine Dell, Nov. 10, 1863-</subfield></datafield><datafield ind1=" " ind2=" " tag="515"><subfield code="a">Publication suspended between Dec. 24, 1864 and Jan. 21, 1865.</subfield></datafield><datafield ind1=" " ind2="0" tag="651"><subfield code="a">Fort Smith (Ark.)</subfield><subfield code="v">Newspapers.</subfield></datafield><datafield ind1=" " ind2="0" tag="651"><subfield code="a">Sebastian County (Ark.)</subfield><subfield code="v">Newspapers.</subfield></datafield><datafield ind1=" " ind2="7" tag="651"><subfield code="a">Arkansas</subfield><subfield code="z">Fort Smith.</subfield><subfield code="2">fast</subfield><subfield code="0">(OCoLC)fst01207379</subfield></datafield><datafield ind1=" " ind2="7" tag="651"><subfield code="a">Arkansas</subfield><subfield code="z">Sebastian County.</subfield><subfield code="2">fast</subfield><subfield code="0">(OCoLC)fst01222677</subfield></datafield><datafield ind1=" " ind2="7" tag="655"><subfield code="a">Newspapers.</subfield><subfield code="2">fast</subfield><subfield code="0">(OCoLC)fst01423814</subfield></datafield><datafield ind1=" " ind2=" " tag="752"><subfield code="a">United States</subfield><subfield code="b">Arkansas</subfield><subfield code="c">Sebastian</subfield><subfield code="d">Fort Smith.</subfield></datafield><datafield ind1="0" ind2="0" tag="785"><subfield code="t">Fort Smith weekly new era</subfield><subfield code="w">(DLC)sn 84022962</subfield><subfield code="w">(OCoLC)10677688</subfield></datafield><datafield ind1="1" ind2=" " tag="029"><subfield code="a">AU@</subfield><subfield code="b">000025813967</subfield></datafield></record>